@MISC{abnTeX2009,
	author = {abnTeX},
	title = {Absurdas normas para TeX},
	year = {2009},
	owner = {Hugo},
	timestamp = {2009.11.08},
	url = {http://sourceforge.net/apps/ mediawiki/abntex/index.php},
	urlaccessdate = {8 de novembro de 2009}
}

@MISC{BibTeX2009,
	author = {BibTeX},
	title = {BibTeX.org},
	year = {2009},
	owner = {Hugo},
	timestamp = {2009.11.08},
	url = {http://www.bibtex.org},
	urlaccessdate = {8 de novembro de 2009}
}

@BOOK{Buerger1989,
	title = {LaTeX for scientists and engineers},
	publisher = {McGraw-Hill},
	year = {1989},
	author = {Buerger, David John},
	address = {Singapura},
	owner = {Hugo},
	timestamp = {2009.11.08}
}

@MISC{CTAN2009,
	author = {CTAN},
	title = {The comprehensive TeX archive network},
	year = {2009},
	owner = {Hugo},
	timestamp = {2009.11.08},
	url = {http://www.ctan. org},
	urlaccessdate = {8 de novembro de 2009}
}

@BOOK{DAELN2006,
	title = {Normas de apresenta\c{c}\~ao de trabalhos acad\^emicos do {DAELN}},
	publisher = {Departamento Acad\^emico de Eletr\^onica da UTFPR},
	year = {2006},
	editor = {David, Denise Elizabeth Hey and Crocetti, Simone},
	author = {DAELN},
	address = {Curitiba},
	owner = {Hugo},
	timestamp = {2009.11.08}
}

@BOOK{Goossens2007,
	title = {The LaTeX graphics companion},
	publisher = {Addison-Wesley},
	year = {2007},
	author = {Goossens, Michel and Mittelbach, Frank and Rahtz, Sebastian and Roegel,
	Denis and Voss, Herbert},
	address = {Boston},
	edition = {2},
	owner = {Hugo},
	timestamp = {2009.11.08}
}

@MISC{JabRef2009,
	author = {JabRef},
	title = {JabRef reference manager},
	year = {2009},
	owner = {Hugo},
	timestamp = {2009.11.08},
	url = {http://jabref.sourceforge.net},
	urlaccessdate = {8 de novembro de 2009}
}

@BOOK{Kopka2003,
	title = {Guide to LaTeX},
	publisher = {Addison-Wesley},
	year = {2003},
	author = {Kopka, Helmut and Daly, Patrick W.},
	address = {Boston},
	edition = {4},
	owner = {Hugo},
	timestamp = {2009.11.08}
}

@BOOK{Lamport1986,
	title = {LaTeX: a document preparation system},
	publisher = {Addison-Wesley},
	year = {1986},
	author = {Lamport, Leslie},
	address = {Boston},
	owner = {Hugo},
	timestamp = {2009.11.08}
}

@MISC{LaTeX2009,
	author = {LaTeX},
	title = {The LaTeX project},
	year = {2009},
	owner = {Hugo},
	timestamp = {2009.11.08},
	url = {http://www.latex-project.org},
	urlaccessdate = {8 de novembro de 2009}
}

@MISC{Mendeley2009,
	author = {Mendeley},
	title = {Mendeley: academic software for research papers},
	year = {2009},
	owner = {Hugo},
	timestamp = {2009.11.08},
	url = {http://www.mendeley.com},
	urlaccessdate = {8 de novembro de 2009}
}

@MISC{MiKTeX2009,
	author = {MiKTeX},
	title = {The MiKTeX project},
	year = {2009},
	owner = {Hugo},
	timestamp = {2009.11.08},
	url = {http://www.miktex.org},
	urlaccessdate = {8 de novembro de 2009}
}

@BOOK{Mittelbach2004,
	title = {The LaTeX companion},
	publisher = {Addison-Wesley},
	year = {2004},
	author = {Mittelbach, Frank and Goossens, Michel and Braams, Johannes and Carlisle,
	David and Rowley, Chris},
	address = {Boston},
	edition = {2},
	owner = {Hugo},
	timestamp = {2009.11.08}
}

@MISC{TeX-Br2009,
	author = {TeX-BR},
	title = {Comunidade TeX-Br},
	year = {2009},
	owner = {Hugo},
	timestamp = {2009.11.08},
	url = {http://www.tex-br.org/index.php},
	urlaccessdate = {8 de novembro de 2009}
}

@MISC{TeXnicCenter2009,
	author = {TeXnicCenter},
	title = {TeX nicCenter: the center of your LaTeX universe},
	year = {2009},
	owner = {Hugo},
	timestamp = {2009.11.08},
	url = {http://www.texniccenter.org},
	urlaccessdate = {8 de novembro de 2009}
}

@MISC{Wikibooks2009,
	author = {Wikibooks},
	title = {LaTeX},
	year = {2009},
	owner = {Hugo},
	timestamp = {2009.11.08},
	url = {http://en.wikibooks.org/wiki/LaTeX},
	urlaccessdate = {8 de novembro de 2009}
}

@inproceedings{rp99,
	author = {Rasmus Pagh},
	title = {Hash and Displace: Efficient Evaluation of Minimal Perfect Hash Functions},
	booktitle = {Workshop on Algorithms and Data Structures},
	pages = {49-54},
	year = 1999,
	key = {author}
}

@MastersThesis{mar00,
	author = {Marden Silveira Neubert},
	title = {Algoritmos Distribuídos para a Construção de Arquivos Invertidos},
	school =	{Departamento de Ciência da Computação, Universidade Federal de Minas Gerais},
	year =	2000,
	month = {Março},
	key = {author}
}

@Book{linked,
	author = {A. L. Barabasi},
	title = {Linked: The New Science of Networks},
	publisher = {Perseus Publishing},
	year = {2002},
}

@article{acmsurveys,
	author = {Deepayan Chakrabarti and Christos Faloutsos},
	title = {Graph Mining: Laws, Generators, and Algorithms},
	journal = {ACM Computing Surveys},
	volume = {38},
	number = {1},
	year = {2006},
	pages = {2-59},
	publisher = {ACM},
	address = {New York, NY, USA},
}

@inproceedings{3faloutsos,
	author = {M. Faloutsos and P. Faloutsos and C. Faloutsos},
	title = {On Power-law Relationships of the Internet Topology},
	booktitle = {Book Title},
	year = {1999},
	isbn = {1-58113-135-6},
	pages = {251--262},
	location = {Cambridge, Massachusetts, United States},
	publisher = {ACM Press},
	address = {New York, NY, USA},
}

@Misc{irl:06,
	key = {IRL},
	author = {IRL},
	title = {Internet Research Laboratory},
	howpublished = {\url{http://irl.cs.ucla.edu/topology}},
	OPTmonth = {},
	year = {2007},
	note = {Acesso em março de 2007},
	OPTannote = {}
}

@mastersthesis{CELSO2012,
	author = {Celso Luiz de Souza},
	school = {Centro Federal de Educação tecnológica de Minas Gerais},
	title = {Recuperação de Vídeos Baseada em Conteúdo em um Sistema de Informação para Apoio à Análise do Discurso Televisivo},
	type = {Mestrado},
	year = {2012},
}

@inproceedings{SoaresBGO10,
  added-at = {2012-03-22T00:00:00.000+0100},
  author = {Soares, Gabriela E. and Borges, Henrique E. and Gomes, Rogério M. and Oliveira, Geraldo Magela Couto},
  biburl = {http://www.bibsonomy.org/bibtex/2560229187cddd00b690e87c24ab9946a/dblp},
  booktitle = {SBRN},
  editor = {Ludermir, Teresa Bernarda and Figueiredo, Karla and Thomaz, Carlos E.},
  ee = {http://doi.ieeecomputersociety.org/10.1109/SBRN.2010.16},
  interhash = {87f57cc28d24fbdc69927bc19af6b6db},
  intrahash = {560229187cddd00b690e87c24ab9946a},
  isbn = {978-1-4244-8391-4},
  keywords = {dblp},
  pages = {43-48},
  publisher = {IEEE},
  timestamp = {2012-03-22T00:00:00.000+0100},
  title = {Emergence of Neuronal Groups on a Self-Organized Spiking Neurons Network Based on Genetic Algorithm.},
  url = {http://dblp.uni-trier.de/db/conf/sbrn/sbrn2010.html#SoaresBGO10},
  year = 2010
}

@techreport{artifice:2002,
 address              = {Belo Horizonte},
 author               = {{Henrique} E. Borges},
 institution          = {Centro Federal de Educação Tecnológica de Minas Gerais},
 note                 = {Projeto de Pesquisa (Departamento de Ensino Superior)},
 pages                = {16},
 subtitle             = {teoria, metodologia e ferramentas},
 title                = {Arquitetura Flexível para a Criação de Agentes de Software Cognitivos e Situados},
 year                 = {2002},
 }

@article{belkin:1990,
 author               = {{Nicholas} J. Belkin},
 journal              = JIS,
 pages                = {11--15},
 title                = {The cognitive viewpoint in information science},
 volume               = {16},
 year                 = {1990},
 }

@article{brookes:1980a,
 author               = {Bertram C. Brookes},
 journal              = JIS,
 number               = {3},
 pages                = {125-133},
 part                 = {1},
 title                = {The foundations of information science. {Part I}. {Phisolophical} aspects.},
 volume               = {2},
 year                 = {1980},
 }

@article{brookes:1980b,
 author               = {Bertram C. Brookes},
 journal              = JIS,
 number               = {3},
 pages                = {125-133},
 part                 = {1},
 title                = {Teste},
 volume               = {2},
 year                 = {1980},
 }

@article{carvalho:2001,
 author               = {Cláudia Carvalho and José Fajardo and Joaquim Cruz},
 journal              = {DataGramaZero - Revista da Ciência da Informação},
 mounth               = {junho},
 number               = {3},
 pages                = {12--16},
 subtitle             = {proposta metodológica},
 title                = {Inteligência competitiva numa visão de futuro},
 volume               = {2},
 year                 = {2001},
 }

@book{goldfather:1990,
 address              = {New York},
 author               = {Puzo H. Goldfather},
 pages                = {178},
 publisher            = {Prentice-Hall},
 title                = {Fundamental questions},
 year                 = {1990},
 }

@book{maturana:2003,
 address              = {São Paulo},
 author               = {Humberto R. Maturana and Francisco J. Varela},
 edition              = {3},
 page                 = {283},
 publisher            = {Editora Palas Athena},
 subtitle             = {as bases biológicas da compreenão humana},
 title                = {A Árvore do Conhecimento},
 year                 = {2003},
 }

@book{morinmoigne:2000,
 address              = {São Paulo},
 author               = {Edgar Morin and Jean-Louis {Le MOIGNE}},
 publisher            = {Editora Petrópolis},
 title                = {A Inteligência da Complexidade},
 year                 = {2000},
 }

@mastersthesis{santos:2003,
 address              = {Belo Horizonte},
 author               = {{Bruno} {André} Santos},
 key                  = {Agentes inteligentes,Inteligência artificial,Cognição situada},
 month                = {Junho},
 school               = {Centro Federal de Educação Tecnolóogica de Minas Gerais},
 title                = {Aspectos conceituais e arquiteturais para a criação de linhagens de agentes de software cognitivos e situados},
 year                 = {2003},
 }

@book{teste:2004,
 address              = {Cidade},
 author               = {Carlos Barbosa and Maria da Silva Cardoso and Tenitos da Silva and Carminda Soares},
 edition              = {2},
 page                 = {5},
 publisher            = {Editora},
 title                = {Testando a utilização de ``et al.''},
 year                 = {2004},
 }

@inbook{vanGelder:1998c,
 address              = {Melbourne},
 author               = {T. J. van Gelder},
 editor               = {M. T. Michalewicz},
 month                = {March},
 pages                = {109-126},
 publisher            = {CSIRO Publishing},
 series               = {Advances in Computational Life Sciences},
 title                = {Computers and computation in cognitive science},
 volume               = {2: Humans to Proteins},
 year                 = {1998},
 }
